@article{linde1980algorithm,
  title={An algorithm for vector quantizer design},
  author={Linde, Yoseph and Buzo, Andres and Gray, Robert},
  journal={IEEE Transactions on communications},
  volume={28},
  number={1},
  pages={84--95},
  year={1980},
  publisher={IEEE}
}

@article{kekre2008speech,
  title={Speech data compression using vector quantization},
  author={Kekre, HB and Sarode, Tanuja K},
  journal={WASET International Journal of Computer and Information Science and Engineering (IJCISE)},
  volume={2},
  number={4},
  pages={251--254},
  year={2008}
}

@inproceedings{wu2007leaf,
  title={A leaf recognition algorithm for plant classification using probabilistic neural network},
  author={Wu, Stephen Gang and Bao, Forrest Sheng and Xu, Eric You and Wang, Yu-Xuan and Chang, Yi-Fan and Xiang, Qiao-Liang},
  booktitle={Signal Processing and Information Technology, 2007 IEEE International Symposium on},
  pages={11--16},
  year={2007},
  organization={IEEE}
}

@article{dhanalakshmi2009classification,
  title={Classification of audio signals using SVM and RBFNN},
  author={Dhanalakshmi, P and Palanivel, S and Ramalingam, Vennila},
  journal={Expert systems with applications},
  volume={36},
  number={3},
  pages={6069--6075},
  year={2009},
  publisher={Elsevier}
}

@article{li2001classification,
  title={Classification of general audio data for content-based retrieval},
  author={Li, Dongge and Sethi, Ishwar K and Dimitrova, Nevenka and McGee, Tom},
  journal={Pattern recognition letters},
  volume={22},
  number={5},
  pages={533--544},
  year={2001},
  publisher={Elsevier}
}

@article{xu2005automatic,
  title={Automatic music classification and summarization},
  author={Xu, Changsheng and Maddage, Namunu Chinthaka and Shao, Xi},
  journal={IEEE transactions on speech and audio processing},
  volume={13},
  number={3},
  pages={441--450},
  year={2005},
  publisher={IEEE}
}

@book{Rabiner:1993:FSR:153687,
 author = {Rabiner, Lawrence and Juang, Biing-Hwang},
 title = {Fundamentals of Speech Recognition},
 year = {1993},
 isbn = {0-13-015157-2},
 publisher = {Prentice-Hall, Inc.},
 address = {Upper Saddle River, NJ, USA},
} 

@article{barchiesi2015acoustic,
  title={Acoustic scene classification: Classifying environments from the sounds they produce},
  author={Barchiesi, Daniele and Giannoulis, Dimitrios and Stowell, Dan and Plumbley, Mark D},
  journal={IEEE Signal Processing Magazine},
  volume={32},
  number={3},
  pages={16--34},
  year={2015},
  publisher={IEEE}
}

@inproceedings{piczak2015environmental,
  title={Environmental sound classification with convolutional neural networks},
  author={Piczak, Karol J},
  booktitle={Machine Learning for Signal Processing (MLSP), 2015 IEEE 25th International Workshop on},
  pages={1--6},
  year={2015},
  organization={IEEE}
}

@article{may2012noise,
  title={Noise-robust speaker recognition combining missing data techniques and universal background modeling},
  author={May, Tobias and Van De Par, Steven and Kohlrausch, Armin},
  journal={IEEE Transactions on Audio, Speech, and Language Processing},
  volume={20},
  number={1},
  pages={108--121},
  year={2012},
  publisher={IEEE}
}

@article{schuller2010cross,
  title={Cross-corpus acoustic emotion recognition: Variances and strategies},
  author={Schuller, Bjorn and Vlasenko, Bogdan and Eyben, Florian and Wollmer, Martin and Stuhlsatz, Andre and Wendemuth, Andreas and Rigoll, Gerhard},
  journal={IEEE Transactions on Affective Computing},
  volume={1},
  number={2},
  pages={119--131},
  year={2010},
  publisher={IEEE}
}

@article{lee2008automatic,
  title={Automatic classification of bird species from their sounds using two-dimensional cepstral coefficients},
  author={Lee, Chang-Hsing and Han, Chin-Chuan and Chuang, Ching-Chien},
  journal={IEEE Transactions on Audio, Speech, and Language Processing},
  volume={16},
  number={8},
  pages={1541--1550},
  year={2008},
  publisher={IEEE}
}

@article{beritelli2007adaptive,
  title={Adaptive V/UV speech detection based on acoustic noise estimation and classification},
  author={Beritelli, F and Casale, S and Serrano, S},
  journal={Electronics Letters},
  volume={43},
  number={4},
  pages={249--251},
  year={2007},
  publisher={IET}
}


@article{ming2007robust,
  title={Robust speaker recognition in noisy conditions},
  author={Ming, Ji and Hazen, Timothy J and Glass, James R and Reynolds, Douglas A},
  journal={IEEE Transactions on Audio, Speech, and Language Processing},
  volume={15},
  number={5},
  pages={1711--1723},
  year={2007},
  publisher={IEEE}
}

@article{ma2006acoustic,
  title={Acoustic environment classification},
  author={Ma, Ling and Milner, Ben and Smith, Dan},
  journal={ACM Transactions on Speech and Language Processing (TSLP)},
  volume={3},
  number={2},
  pages={1--22},
  year={2006},
  publisher={ACM}
}

@article{somervuo2006parametric,
  title={Parametric representations of bird sounds for automatic species recognition},
  author={Somervuo, Panu and Harma, Aki and Fagerlund, Seppo},
  journal={IEEE Transactions on Audio, Speech, and Language Processing},
  volume={14},
  number={6},
  pages={2252--2263},
  year={2006},
  publisher={IEEE}
}

@article{friesen2001speech,
  title={Speech recognition in noise as a function of the number of spectral channels: comparison of acoustic hearing and cochlear implants},
  author={Friesen, Lendra M and Shannon, Robert V and Baskent, Deniz and Wang, Xiaosong},
  journal={The Journal of the Acoustical Society of America},
  volume={110},
  number={2},
  pages={1150--1163},
  year={2001},
  publisher={ASA}
}

@article{benesty2000adaptive,
  title={Adaptive eigenvalue decomposition algorithm for passive acoustic source localization},
  author={Benesty, Jacob},
  journal={The Journal of the Acoustical Society of America},
  volume={107},
  number={1},
  pages={384--391},
  year={2000},
  publisher={ASA}
}

@article{varga1993assessment,
  title={Assessment for automatic speech recognition: II. NOISEX-92: A database and an experiment to study the effect of additive noise on speech recognition systems},
  author={Varga, Andrew and Steeneken, Herman JM},
  journal={Speech communication},
  volume={12},
  number={3},
  pages={247--251},
  year={1993},
  publisher={Elsevier}
}






@article{murty2006combining,
  title={Combining evidence from residual phase and MFCC features for speaker recognition},
  author={Murty, K Sri Rama and Yegnanarayana, Bayya},
  journal={IEEE signal processing letters},
  volume={13},
  number={1},
  pages={52--55},
  year={2006},
  publisher={IEEE}
}

@article{farrell1994speaker,
  title={Speaker recognition using neural networks and conventional classifiers},
  author={Farrell, Kevin R and Mammone, Richard J and Assaleh, Khaled T},
  journal={IEEE Transactions on speech and audio processing},
  volume={2},
  number={1},
  pages={194--205},
  year={1994},
  publisher={IEEE}
}

@article{kinnunen2010overview,
  title={An overview of text-independent speaker recognition: From features to supervectors},
  author={Kinnunen, Tomi and Li, Haizhou},
  journal={Speech communication},
  volume={52},
  number={1},
  pages={12--40},
  year={2010},
  publisher={Elsevier}
}

@article{dal1988acoustic,
  title={Acoustic noise analysis and speech enhancement techniques for mobile radio applications},
  author={Dal Degan, Neviano and Prati, Claudio},
  journal={Signal Processing},
  volume={15},
  number={1},
  pages={43--56},
  year={1988},
  publisher={Elsevier}
}

@inproceedings{ma2003context,
  title={Context awareness using environmental noise classification.},
  author={Ma, Ling and Smith, DJ and Milner, Ben P},
  booktitle={Interspeech},
  year={2003}
}

@inproceedings{peltonen2002computational,
  title={Computational auditory scene recognition},
  author={Peltonen, Vesa and Tuomi, Juha and Klapuri, Anssi and Huopaniemi, Jyri and Sorsa, Timo},
  booktitle={Acoustics, Speech, and Signal Processing (ICASSP), 2002 IEEE International Conference on},
  volume={2},
  pages={II--1941},
  year={2002},
  organization={IEEE}
}

@inproceedings{beritelli2005adaptive,
  title={Adaptive robust speech processing based on acoustic noise estimation and classification},
  author={Beritelli, Francesco and Casale, Salvatore and Serrano, Salvatore},
  booktitle={Signal Processing and Information Technology, 2005. Proceedings of the Fifth IEEE International Symposium on},
  pages={773--777},
  year={2005},
  organization={IEEE}
}

@article{reynolds1995robust,
  title={Robust text-independent speaker identification using Gaussian mixture speaker models},
  author={Reynolds, Douglas A and Rose, Richard C},
  journal={IEEE transactions on Speech and Audio Processing},
  volume={3},
  number={1},
  pages={72--83},
  year={1995},
  publisher={IEEE}
}

@article{nakagawa2012speaker,
  title={Speaker identification and verification by combining MFCC and phase information},
  author={Nakagawa, Seiichi and Wang, Longbiao and Ohtsuka, Shinji},
  journal={IEEE transactions on audio, speech, and language processing},
  volume={20},
  number={4},
  pages={1085--1095},
  year={2012},
  publisher={IEEE}
}

@incollection{karam2013graph,
  title={Graph embedding for speaker recognition},
  author={Karam, Zahi N and Campbell, William M},
  booktitle={Graph Embedding for Pattern Analysis},
  pages={229--260},
  year={2013},
  publisher={Springer}
}

@article{cumani2012analysis,
  title={Analysis of large-scale SVM training algorithms for language and speaker recognition},
  author={Cumani, Sandro and Laface, Pietro},
  journal={IEEE Transactions on Audio, Speech, and Language Processing},
  volume={20},
  number={5},
  pages={1585--1596},
  year={2012},
  publisher={IEEE}
}

@inproceedings{lei2014novel,
  title={A novel scheme for speaker recognition using a phonetically-aware deep neural network},
  author={Lei, Yun and Scheffer, Nicolas and Ferrer, Luciana and McLaren, Mitchell},
  booktitle={Acoustics, Speech and Signal Processing (ICASSP), 2014 IEEE International Conference on},
  pages={1695--1699},
  year={2014},
  organization={IEEE}
}
